% This file was created with JabRef 2.10.
% Encoding: Cp1252

@Article{Wu2015,
  Title                    = {{Cellpath: fusion of cellular and traffic sensor data for route flow estimation via convex optimization}},
  Author                   = {{Cathy Wu, Jerome Thai, Steve Yadlowsky, Alexei Pozdnoukhov, Alexandre Bayen}},
  note                     = {To appear},
  Journal                  = {International Symposium on Transportation and Traffic Theory},
  Year                     = {2015},

  Bdsk-file-1              = {YnBsaXN0MDDUAQIDBAUGJCVYJHZlcnNpb25YJG9iamVjdHNZJGFyY2hpdmVyVCR0b3ASAAGGoKgHCBMUFRYaIVUkbnVsbNMJCgsMDxJXTlMua2V5c1pOUy5vYmplY3RzViRjbGFzc6INDoACgAOiEBGABIAFgAdccmVsYXRpdmVQYXRoWWFsaWFzRGF0YV8QNC4uLy4uLy4uL0lTVFRUMTUvRnVsbHBhcGVyL0lTVFRUMjEtc3VibWlzc2lvbi03Ni5wZGbSFwsYGVdOUy5kYXRhTxEB5AAAAAAB5AACAAAMTWFjaW50b3NoIEhEAAAAAAAAAAAAAAAAAAAAzWSoakgrAAABzxwcGUlTVFRUMjEtc3VibWlzc2lvbi03Ni5wZGYAAAAAAAAAAAAAAAAAAAAAAAAAAAAAAAAAAAAAAAAAAAAAAAAAAAIQl0PQKWoiAAAAAAAAAAAAAwADAAAJIAAAAAAAAAAAAAAAAAAAAAlGdWxscGFwZXIAABAACAAAzWUK2gAAABEACAAA0CnMkgAAAAEAGAHPHBwApo+SAAt9PAAG71IABcOpAAIQ6QACAFhNYWNpbnRvc2ggSEQ6VXNlcnM6AGNhdGh5d3U6AERyb3Bib3g6AFBoRDoASVNUVFQxNToARnVsbHBhcGVyOgBJU1RUVDIxLXN1Ym1pc3Npb24tNzYucGRmAA4ANAAZAEkAUwBUAFQAVAAyADEALQBzAHUAYgBtAGkAcwBzAGkAbwBuAC0ANwA2AC4AcABkAGYADwAaAAwATQBhAGMAaQBuAHQAbwBzAGgAIABIAEQAEgBFVXNlcnMvY2F0aHl3dS9Ecm9wYm94L1BoRC9JU1RUVDE1L0Z1bGxwYXBlci9JU1RUVDIxLXN1Ym1pc3Npb24tNzYucGRmAAATAAEvAAAVAAIADv//AACABtIbHB0eWiRjbGFzc25hbWVYJGNsYXNzZXNdTlNNdXRhYmxlRGF0YaMdHyBWTlNEYXRhWE5TT2JqZWN00hscIiNcTlNEaWN0aW9uYXJ5oiIgXxAPTlNLZXllZEFyY2hpdmVy0SYnVHJvb3SAAQAIABEAGgAjAC0AMgA3AEAARgBNAFUAYABnAGoAbABuAHEAcwB1AHcAhACOAMUAygDSAroCvALBAswC1QLjAucC7gL3AvwDCQMMAx4DIQMmAAAAAAAAAgEAAAAAAAAAKAAAAAAAAAAAAAAAAAAAAyg=},
  Date-added               = {2015-01-21 23:46:08 +0000},
  Date-modified            = {2015-01-21 23:52:20 +0000},
  Owner                    = {cathywu},
  Read                     = {0},
  Timestamp                = {2015.01.21}
}

@Article{Yadlowsky2014,
  Title                    = {{Link Density Inference from Cellular Infrastructure}},
  Author                   = {S. Yadlowsky and J. Thai and C. Wu and A. Pozdnukhov and A. Bayen},
  Journal                  = {Submitted to Transportation Research Board (TRB) 94th Annual Meeting},
  Year                     = {2014},

  Owner                    = {jeromethai},
  Timestamp                = {2014.08.19}
}

@comment{jabref-meta: selector_review:}

@comment{jabref-meta: selector_publisher:}

@comment{jabref-meta: selector_author:}

@comment{jabref-meta: selector_journal:}

@comment{jabref-meta: selector_keywords:}

